% @misc biasa digunakan untuk referensi dari suatu website

@misc{brainwareKompas,
    title = {Brainware: Pengertian, Kategori hingga Fungsinya dalam Sistem Komputer},
    author = {Vanya Karunia Mulia Putri and Serafica Gischa},
    year = {2021},
    url = {https://www.kompas.com/skola/read/2021/11/02/160000569/definisi-brainware-fungsi-dan-contohnya},
    note = {Diakses pada tanggal 3 Oktober 2024}
}

@misc{brainwarecmlabs,
    title = {Brainware: Definition, Functions, and Types},
    author = {Risca Fadillah},
    year = {2023},
    url = {https://cmlabs.co/en-id/seo-guidelines/brainware},
    note = {Diakses pada tanggal 3 Oktober 2024}
}

@misc{interaksi3ware,
    title = {Bagaimana Interaksi Antara Perangkat Keras dan Perangkat Lunak?},
    author = {Niken Bestari},
    year = {2022},
    url = {https://bobo.grid.id/read/083475438/bagaimana-interaksi-antara-perangkat-keras-dan-perangkat-lunak?page=all},
    note = {Diakses pada tanggal 3 Oktober 2024}
}
