references.bib
@book{nielsen1995,
    author    = {Nielsen, J.},
    title     = {Usability Engineering},
    year      = {1995},
    publisher = {Morgan Kaufmann}
}

@book{shneiderman1997,
    author    = {Shneiderman, B.},
    title     = {Designing the User Interface: Strategies for Effective Human-Computer Interaction},
    year      = {1997},
    publisher = {Addison-Wesley}
}

@book{nielsen2000,
    author    = {Nielsen, J.},
    title     = {Designing Web Usability},
    year      = {2000},
    publisher = {New Riders Publishing}
}

@book{holtzblatt2005,
    author    = {Holtzblatt, K. and Beyer, H.},
    title     = {Contextual Design: Defining Customer-Centered Systems},
    year      = {2005},
    publisher = {Morgan Kaufmann}
}

@inproceedings{tractinsky1997,
    author    = {Tractinsky, N.},
    title     = {Aesthetics and apparent usability: empirically assessing cultural and methodological issues},
    booktitle = {Proceedings of the SIGCHI Conference on Human Factors in Computing Systems},
    year      = {1997},
    pages     = {115-122}
}

@book{norman1988,
    author    = {Norman, D. A.},
    title     = {The Design of Everyday Things},
    year      = {1988},
    publisher = {Basic Books}
}

@book{nielsen1993,
    author    = {Nielsen, J.},
    title     = {Usability Engineering},
    year      = {1993},
    publisher = {Academic Press}
}

@article{busche2020,
    author    = {Busche, S.},
    title     = {Design Trends: Advance Cursor Interactions},
    journal   = {Smashing Magazine},
    year      = {2020}
}

@article{sutton2020,
    author    = {Sutton, M.},
    title     = {Designing Animated Gradients for UI},
    journal   = {UX Design},
    year      = {2020}
}

@article{coleman2021,
    author    = {Coleman, P.},
    title     = {The Bold Color Choices in UI Design},
    journal   = {Web Designer Depot},
    year      = {2021}
}

@book{tschichold1995,
    author    = {Tschichold, J.},
    title     = {The New Typography},
    year      = {1995},
    publisher = {University of California Press}
}

@article{ricker2021,
    author    = {Ricker, T.},
    title     = {Dark Mode: The Evolution of UI Design},
    journal   = {The Verge},
    year      = {2021}
}
